@MISC {transpinteligente2009,
    author       = "Jamie Houghton, John Reiners y Colin Lim",
    title        = "Transporte Inteligente: Cómo mejorar la movilidad en las ciudades",
    howpublished = "IBM Institute for Business Value, Sector Público",
    year         = "2009"
}

@MISC {ondat2015,
    author = "(ONDaT) Observatorio Nacional de Datos de Transporte",
    title  = "Evolución del parque de automóviles, vehículos livianos, camiones y autobuses de Argentina",
    year   = "2015"
}

@MISC {castrol2014,
    title    = "STOP-START INDEX",
    author   = "Castrol Magnatec",
    year     = "2014",
}

@book{de1994modelling,
  title={Modelling transport},
  author={de Dios Ort{\'u}zar, Juan and Willumsen, Luis G and others},
  year={1994},
  publisher={Wiley New Jersey}
}

@book{bull2003congestion,
  title={Congesti{\'o}n de tr{\'a}nsito: el problema y c{\'o}mo enfrentarlo},
  author={Bull, Alberto},
  number={87},
  year={2003},
  publisher={United Nations Publications}
}

@article{jekabsons2011analysis,
  title={An analysis of Wi-Fi based indoor positioning accuracy},
  author={Jekabsons, Gints and Kairish, Vadim and Zuravlyov, Vadim},
  journal={Scientific Journal of Riga Technical University. Computer Sciences},
  volume={44},
  number={1},
  pages={131--137},
  year={2011}
}

@inproceedings{dunlap2016estimation,
  title={Estimation of Origin and Destination Information from Bluetooth and Wi-Fi Sensing for Transit},
  author={Dunlap, Matthew and Li, Zhibin and Henrickson, Kristian and Wang, Yinhai},
  booktitle={Transportation Research Board 95th Annual Meeting},
  number={16-6837},
  year={2016}
}

@inproceedings{lou2009map,
  title={Map-matching for low-sampling-rate GPS trajectories},
  author={Lou, Yin and Zhang, Chengyang and Zheng, Yu and Xie, Xing and Wang, Wei and Huang, Yan},
  booktitle={Proceedings of the 17th ACM SIGSPATIAL International Conference on Advances in Geographic Information Systems},
  pages={352--361},
  year={2009},
  organization={ACM}
}

@inproceedings{thiagarajan2009vtrack,
  title={VTrack: accurate, energy-aware road traffic delay estimation using mobile phones},
  author={Thiagarajan, Arvind and Ravindranath, Lenin and LaCurts, Katrina and Madden, Samuel and Balakrishnan, Hari and Toledo, Sivan and Eriksson, Jakob},
  booktitle={Proceedings of the 7th ACM Conference on Embedded Networked Sensor Systems},
  pages={85--98},
  year={2009},
  organization={ACM}
}

@inproceedings{wei2012fast,
  title={Fast Viterbi map matching with tunable weight functions},
  author={Wei, Hong and Wang, Yin and Forman, George and Zhu, Yanmin and Guan, Haibing},
  booktitle={Proceedings of the 20th International Conference on Advances in Geographic Information Systems},
  pages={613--616},
  year={2012},
  organization={ACM}
}

@inproceedings{beccuti2007framework,
  title={A framework to design and solve Markov Decision Well-formed Net models},
  author={Beccuti, Marco and Codetta-Raiteri, Daniele and Franceschinis, Giuliana and Haddad, Serge},
  booktitle={Quantitative Evaluation of Systems, 2007. QEST 2007. Fourth International Conference on the},
  pages={165--166},
  year={2007},
  organization={IEEE}
}

@inproceedings{goel1899markovian,
  title={A Markovian model for reliability and other performance measures of software systems},
  author={Goel, Amrit L and Okumoto, Kazu},
  booktitle={afips},
  pages={769},
  year={1899},
  organization={IEEE}
}

@phdthesis{backaaker2012google,
  title={The Google Markov Chain: convergence speed and eigenvalues},
  author={Back{\aa}ker, Fredrik},
  year={2012},
  school={Master Thesis, Uppsala University, Sweden}
}

@inproceedings{yang2011research,
  title={Research and application by Markov chain operators in the mobile phone market},
  author={Yang, Jiawei and Sha, Qiangyi},
  booktitle={Artificial Intelligence, Management Science and Electronic Commerce (AIMSEC), 2011 2nd International Conference on},
  pages={7156--7159},
  year={2011},
  organization={IEEE}
}

@misc{bishop2007pattern,
  title={Pattern Recognition and Machine Learning (Information Science and Statistics), 1st edn. 2006. corr. 2nd printing edn},
  author={Bishop, C},
  year={2007},
  publisher={Springer, New York}
}

@article{datong2011markov,
  title={A Markov chain model analysis of GSM network service providers marketing mix},
  author={Datong, G},
  journal={International Journals of Engineering \& Sciences},
  volume={11},
  number={4},
  pages={38--43},
  year={2011},
  publisher={Citeseer}
}

@article{rabiner1989tutorial,
  title={A tutorial on hidden Markov models and selected applications in speech recognition},
  author={Rabiner, Lawrence R},
  journal={Proceedings of the IEEE},
  volume={77},
  number={2},
  pages={257--286},
  year={1989},
  publisher={IEEE}
}

@article{aas1999applications,
  title={Applications of hidden Markov chains in image analysis},
  author={Aas, Kjersti and Eikvil, Line and Huseby, Ragnar Bang},
  journal={Pattern recognition},
  volume={32},
  number={4},
  pages={703--713},
  year={1999},
  publisher={Elsevier}
}

@article{visser2002fitting,
  title={Fitting hidden Markov models to psychological data},
  author={Visser, Ingmar and Raijmakers, Maartje EJ and Molenaar, Peter},
  journal={Scientific Programming},
  volume={10},
  number={3},
  pages={185--199},
  year={2002},
  publisher={IOS Press}
}

@book{baldi2001bioinformatics,
  title={Bioinformatics: the machine learning approach},
  author={Baldi, Pierre and Brunak, S{\o}ren},
  year={2001},
  publisher={MIT press}
}

@article{penny1998gaussian,
  title={Gaussian observation hidden Markov models for EEG analysis},
  author={Penny, William D and Roberts, Stephen J},
  journal={Imperial College of science, Technology and Medicine, Tech. Rep},
  year={1998}
}

@inproceedings{novak2004speech,
  title={Speech recognition methods applied to biomedical signals processing},
  author={Novak, D and Cuesta-Frau, D and Aboy, M and Mico, R and Lhotska, L and others},
  booktitle={Engineering in Medicine and Biology Society, 2004. IEMBS'04. 26th Annual International Conference of the IEEE},
  volume={1},
  pages={118--121},
  year={2004},
  organization={IEEE}
}

@article{krogh1994hidden,
  title={Hidden Markov models in computational biology: Applications to protein modeling},
  author={Krogh, Anders and Brown, Michael and Mian, I Saira and Sj{\"o}lander, Kimmen and Haussler, David},
  journal={Journal of molecular biology},
  volume={235},
  number={5},
  pages={1501--1531},
  year={1994},
  publisher={Elsevier}
}

@article{eddy1998profile,
  title={Profile hidden Markov models.},
  author={Eddy, Sean R.},
  journal={Bioinformatics},
  volume={14},
  number={9},
  pages={755--763},
  year={1998},
  publisher={Oxford Univ Press}
}

@MISC{Jahmm,
    author   = "Jean-Marc François",
    title    = "JAHMM, a Java implementation of Hidden Markov Model (HMM) related algorithms",
    howpublished = {\url{https://code.google.com/archive/p/jahmm/}}
}

@misc{mann2006numerically,
  title={Numerically stable hidden markov model},
  author={Mann, Tobias P},
  year={2006}
}

@book{durbin1998biological,
  title={Biological sequence analysis: probabilistic models of proteins and nucleic acids},
  author={Durbin, Richard and Eddy, Sean R and Krogh, Anders and Mitchison, Graeme},
  year={1998},
  publisher={Cambridge university press}
}

@article{jones2015horizontal,
  title={Horizontal accuracy assessment of global positioning system data from common smartphones},
  author={Jones, Tyler W and Marzen, Luke and Chappelka, Art},
  journal={Papers in Applied Geography},
  volume={1},
  number={1},
  pages={59--64},
  year={2015},
  publisher={Taylor \& Francis}
}

@article{ronaldo2012comparison,
  title={Comparison of the two micro-simulation software aimsun \&amp; sumo for highway traffic modelling},
  author={Ronaldo, Aji and others},
  year={2012}
}

@book{sokolowski2011principles,
  title={Principles of modeling and simulation: a multidisciplinary approach},
  author={Sokolowski, John A and Banks, Catherine M},
  year={2011},
  publisher={John Wiley \& Sons}
}

@book{barcelo2010fundamentals,
  title={Fundamentals of traffic simulation},
  author={Barcel{\'o}, Jaume and others},
  volume={145},
  year={2010},
  publisher={Springer}
}

@techreport{dowling2004traffic,
  title={Traffic analysis toolbox volume III: guidelines for applying traffic microsimulation modeling software},
  author={Dowling, Richard and Skabardonis, Alexander and Alexiadis, Vassili},
  year={2004}
}

@article{cinefra2014adaptive,
  title={An adaptive indoor positioning system based on Bluetooth Low Energy RSSI},
  author={CINEFRA, NICOLA},
  year={2014},
  publisher={Italy}
}

@book{silverman1986density,
  title={Density estimation for statistics and data analysis},
  author={Silverman, Bernard W},
  volume={26},
  year={1986},
  publisher={CRC press}
}

@article{minarro1998estimacion,
  title={Estimaci{\'o}n no param{\'e}trica de la funci{\'o}n de densidad},
  author={Mi{\~n}arro, Antonio},
  journal={Documento de Trabajo. Universidad de Barcelona. Barcelona, Espa{\~n}a},
  year={1998}
}

@article{shannon2001mathematical,
  title={A mathematical theory of communication},
  author={Shannon, Claude Elwood},
  journal={ACM SIGMOBILE Mobile Computing and Communications Review},
  volume={5},
  number={1},
  pages={3--55},
  year={2001},
  publisher={ACM}
}

@article{schmidt2009degradation,
  title={Degradation of Transmission Range in VANETS caused by Interference},
  author={Schmidt, Robert Karl and K{\"o}llmer, Thomas and Leinm{\"u}ller, Tim and B{\"o}ddeker, Bert and Sch{\"a}fer, G{\"u}nter},
  journal={PIK-Praxis der Informationsverarbeitung und Kommunikation},
  volume={32},
  number={4},
  pages={224--234},
  year={2009}
}

@book{aragon2008antennas,
  title={Antennas and propagation for wireless communication systems},
  author={Aragon-Zavala, Alejandro},
  year={2008},
  publisher={John Wiley \& Sons}
}

@article{bakula2011probabilistic,
  title={Probabilistic model based on the effective range and vehicle speed to determine Bluetooth MAC address matches from roadside traffic monitoring},
  author={Bakula, Casey and Schneider IV, William H and Roth, Jennifer},
  journal={Journal of Transportation Engineering},
  volume={138},
  number={1},
  pages={43--49},
  year={2011},
  publisher={American Society of Civil Engineers}
}

@article{ossmann2012project,
  title={Project ubertooth},
  author={Ossmann, M},
  journal={Retrieved},
  volume={18},
  pages={23},
  year={2012}
}

@inproceedings{huang2014blueid,
  title={BlueID: a practical system for Bluetooth device identification},
  author={Huang, Jun and Albazrqaoe, Wahhab and Xing, Guoliang},
  booktitle={INFOCOM, 2014 Proceedings IEEE},
  pages={2849--2857},
  year={2014},
  organization={IEEE}
}

@phdthesis{hymel2011massively,
  title={Massively parallel hidden Markov models for wireless applications},
  author={Hymel, Shawn R},
  year={2011},
  school={Virginia Polytechnic Institute and State University}
}

@article{altafparallel,
  title={A Parallel Viterbi Decoder Implementation for High Throughput},
  author={Altaf, Muhammad Shoaib Bin}
}

@inproceedings{nielsen2011algorithms,
  title={Algorithms for a parallel implementation of Hidden Markov Models with a small state space},
  author={Nielsen, Jesper and Sand, Andreas},
  booktitle={Parallel and Distributed Processing Workshops and Phd Forum (IPDPSW), 2011 IEEE International Symposium on},
  pages={452--459},
  year={2011},
  organization={IEEE}
}

